<?xml version="1.0" encoding="UTF-8"?><collection xmlns="http://www.loc.gov/MARC21/slim"><record><leader>00434nam--2200145-i-4500</leader><controlfield tag="001">000015470</controlfield><controlfield tag="002">20161230</controlfield><controlfield tag="005">20161230201031</controlfield><controlfield tag="008">060222s1000------------r-----000-0-eng-d</controlfield><datafield ind1=" " ind2=" " tag="080"><subfield code="a">53:57:61</subfield></datafield><datafield ind1=" " ind2=" " tag="100"><subfield code="a">Beier, Walter Und Dorner, Erich</subfield></datafield><datafield ind1=" " ind2=" " tag="245"><subfield code="a">Mechanik, akustik und warme. mit 480 abbild</subfield></datafield><datafield ind1=" " ind2=" " tag="260"><subfield code="a">Leipzig, Veb Georg Thieme, 1960 Xx + 475 P</subfield></datafield><datafield ind1=" " ind2=" " tag="490"><subfield code="a">Die Physik Und Ihre Anwendung In Medizin Und B Iologie</subfield></datafield><datafield ind1=" " ind2=" " tag="852"><subfield code="a">76352</subfield></datafield></record></collection>